<?xml version="1.0" encoding="UTF-8"?>
<record xmlns="http://www.loc.gov/MARC21/slim">
   <leader>01500cam a2200253 a 4500</leader>
   <controlfield tag="001">2793453</controlfield>
   <controlfield tag="003">NjP</controlfield>
   <controlfield tag="005">20171013182542.0</controlfield>
   <controlfield tag="008">000211q19001999mr            000 0 ara d</controlfield>
   <datafield tag="024" ind1="7" ind2=" ">
      <subfield code="a">princeton_aco003907</subfield>
      <subfield code="2">local</subfield>
   </datafield>
   <datafield ind1=" " ind2=" " tag="035">
      <subfield code="9">CNK3378TS</subfield>
   </datafield>
   <datafield ind1=" " ind2=" " tag="040">
      <subfield code="a">NjP</subfield>
      <subfield code="c">NjP</subfield>
   </datafield>
   <datafield ind1="1" ind2=" " tag="100">
      <subfield code="a">Zayyātī, ʻAbd al-ʻAzīz ibn al-Ḥasan,</subfield>
      <subfield code="d">-1645 or 1646.</subfield>
      <subfield code="0">http://id.loc.gov/authorities/names/no00011710</subfield>
   </datafield>
   <datafield ind1="1" ind2="0" tag="240">
      <subfield code="a">Sharḥ al-Zayyātī ʻalá Naẓm al-zakāh</subfield>
   </datafield>
   <datafield ind1="1" ind2="0" tag="245">
      <subfield code="a">Sharḥ al-faqīh al-ʻālim al-ʻallāmah al-muḥaqqiq al-mudaqqiq Abī Muḥammad Sayyidī ʻAbd al-ʻAzīz ibn al-Ḥasan al-Zayyātī ʻalá Naẓm al-zakāh lil-Imām al-ʻallāmah al-muḥaqqiq al-shahīr Abī ʻAbd Allāh Sayyidī Muḥammad al-ʻArabī ibn al-Imām al-ʻārif billāh Abī al-Maḥāsin Sayyidī Yūsuf al-Fāsī.</subfield>
   </datafield>
   <datafield ind1="3" ind2="0" tag="246">
      <subfield code="a">Sharḥ al-Zayyātī ʻalá Naẓm al-zakāh</subfield>
   </datafield>
   <datafield ind1=" " ind2=" " tag="260">
      <subfield code="a">[Morocco :</subfield>
      <subfield code="b">s.n.,</subfield>
      <subfield code="c">19--?]</subfield>
   </datafield>
   <datafield ind1=" " ind2=" " tag="300">
      <subfield code="a">1 v. (various pagings) ;</subfield>
      <subfield code="c">23 cm.</subfield>
   </datafield>
   <datafield ind1=" " ind2=" " tag="590">
      <subfield code="a">Firestone copy 1 with: Sharḥ al-shaykh al-Imām al-ʻallāmah Sayyidī Abī al-Qāsim ibn Khajjū ʻalá Manẓūmah fī al-ʻiddah lil-Imām al-Hibṭī. [Morocco : s.n., 191-?]. Bound together subsequent to publication.</subfield>
   </datafield>
   <datafield ind1="1" ind2="0" tag="600">
      <subfield code="a">ʻArabī, Muḥammad ibn Yūsuf,</subfield>
      <subfield code="d">1580-1642.</subfield>
      <subfield code="t">Naẓm al-zakāh.</subfield>
   </datafield>
   <datafield ind1=" " ind2="0" tag="650">
      <subfield code="a">Zakat</subfield>
      <subfield code="v">Early works to 1800.</subfield>
   </datafield>
   <datafield ind1=" " ind2="7" tag="655">
      <subfield code="a">Lithographs</subfield>
      <subfield code="z">Morocco</subfield>
      <subfield code="2">gmgpc</subfield>
   </datafield>
   <datafield ind1=" " ind2=" " tag="948">
      <subfield code="a">jeb</subfield>
   </datafield>
   <datafield ind1=" " ind2=" " tag="911">
      <subfield code="a">20000211</subfield>
   </datafield>
   <datafield ind1=" " ind2=" " tag="912">
      <subfield code="a">20000225054148.0</subfield>
   </datafield>
   <datafield ind1="0" ind2="0" tag="852">
      <subfield code="0">3104824</subfield>
      <subfield code="b">rcppa</subfield>
      <subfield code="t">1</subfield>
      <subfield code="h">BP180.A733</subfield>
      <subfield code="i">Z399 1900z</subfield>
      <subfield code="x">tr fr nec</subfield>
   </datafield>
   <datafield ind1="8" ind2="0" tag="852">
      <subfield code="0">3104825</subfield>
      <subfield code="b">nec</subfield>
      <subfield code="t">1</subfield>
      <subfield code="h">KBL.H463</subfield>
      <subfield code="i">I26 1910z</subfield>
      <subfield code="x">BW</subfield>
   </datafield>
   <datafield ind1=" " ind2=" " tag="959">
      <subfield code="a">2000-06-13 00:00:00 -0400</subfield>
   </datafield>
</record>
